@ARTICLE{vanDijk2014206,
	author={van Dijk, T. and van de Pol, J.C.},
	title={Lace: Non-blocking Split Deque for Work-Stealing},
	journal={Lecture Notes in Computer Science},
	year={2014},
	volume={8806},
	pages={206-217},
	url={http://www.scopus.com/inward/record.url?eid=2-s2.0-84920082521&partnerID=40&md5=19aa5351a10f69c0acc46b004978582f},
	doi={10.1007/978-3-319-14313-2_18};
	document_type={Conference Paper},
	source={Scopus},
}

@ARTICLE{herlihy1990,
  author={Herlihy, M.P. and Wing, J.M.},
  title={Linearizability: A correctness condition for concurrent objects},
  journal={ACM Transactions on Programming Languages and Systems (TOPLAS)},
  year={1990},
  volume={12},
  number={3},
  pages={463-492},
  publisher={ACM}
}

@inproceedings{reynolds2002,
  title={Separation logic: A logic for shared mutable data structures},
  author={Reynolds, John C},
  booktitle={Logic in Computer Science, 2002. Proceedings. 17th Annual IEEE Symposium on},
  pages={55--74},
  year={2002},
  organization={IEEE}
}

@book{smullyan1995,
  title={First-order logic},
  author={Smullyan, Raymond M},
  year={1995},
  publisher={Courier Corporation}
}

@misc{coq2015,
  title = {The Coq Proof Assistant},
  howpublished = {https://coq.inria.fr/what-is-coq},
  note = {Accessed: 2015-03-29}
}

@book{paulson1994isabelle,
  title={Isabelle: A generic theorem prover},
  author={Paulson, Lawrence C},
  volume={828},
  year={1994},
  publisher={Springer Science \& Business Media}
}

@incollection{owre1992pvs,
  title={PVS: A prototype verification system},
  author={Owre, S. and Rushby, J. M. and Shankar, N.},
  booktitle={Automated Deduction - CADE-11},
  pages={748--752},
  year={1992},
  publisher={Springer}
}

@article{badban2005verification,
  title={Verification of a sliding window protocol in $\mu$CRL and PVS},
  author={Badban, B. and Fokkink, W. and Groote, J.F. and Pang, J. and van de Pol, J.},
  journal={Formal Aspects of Computing},
  volume={17},
  number={3},
  pages={342--388},
  year={2005},
  publisher={Springer}
}

@inproceedings{shankar1993verification,
  title={Verification of real-time systems using PVS},
  author={Shankar, N.},
  booktitle={Computer Aided Verification},
  pages={280--291},
  year={1993},
  organization={Springer}
}

@inproceedings{colvin2006formal,
  title={Formal verification of a lazy concurrent list-based set algorithm},
  author={Colvin, R. and Groves, L. and Luchangco, V. and Moir, M.},
  booktitle={Computer Aided Verification},
  pages={475--488},
  year={2006},
  organization={Springer}
}